@ONLINE{1,
    url = {https://disabledaccessdenied.wordpress.com/2012/10/08/airport-wheelchair-fakes-are-making-life-hard-for-disabled-travellers/}
    }
@ONLINE{2
    url = {http://work.chron.com/average-wage-wheelchair-repair-19790.html}
}
@ONLINE{3
    url = {http://www.boeing.com/boeing/commercial/747family/pf/pf_400_prod.page}
}
@ONLINE{4
    url = {http://www.apparelyzed.com/forums/topic/15157-how-often-do-you-change-your-wheelchair/}
}
